%YAML 1.1
%TAG !u! tag:unity3d.com,2011:
--- !u!135 &3287746641810313515
SphereCollider:
  m_ObjectHideFlags: 0
  m_CorrespondingSourceObject: {fileID: 0}
  m_PrefabInstance: {fileID: 0}
  m_PrefabAsset: {fileID: 0}
  m_GameObject: {fileID: 4155736149372775947}
  m_Material: {fileID: 0}
  m_IsTrigger: 0
  m_Enabled: 1
  serializedVersion: 2
  m_Radius: 0.006118339
  m_Center: {x: -0.0005725639, y: -0.000002621558, z: -0.016296705}
--- !u!65 &7930588238282433097
BoxCollider:
  m_ObjectHideFlags: 0
  m_CorrespondingSourceObject: {fileID: 0}
  m_PrefabInstance: {fileID: 0}
  m_PrefabAsset: {fileID: 0}
  m_GameObject: {fileID: 4155736149372775947}
  m_Material: {fileID: 0}
  m_IsTrigger: 0
  m_Enabled: 1
  serializedVersion: 2
  m_Size: {x: 0.008704672, y: 0.012335739, z: 0.024765287}
  m_Center: {x: -0.0016743236, y: -0.00018492393, z: -0.008094561}
--- !u!1 &8149007190116512118
GameObject:
  m_ObjectHideFlags: 0
  m_CorrespondingSourceObject: {fileID: 0}
  m_PrefabInstance: {fileID: 0}
  m_PrefabAsset: {fileID: 0}
  serializedVersion: 6
  m_Component:
  - component: {fileID: 2700952309022691093}
  - component: {fileID: 3607436790124729910}
  - component: {fileID: 8313929581776410557}
  - component: {fileID: 7386717463349910839}
  m_Layer: 0
  m_Name: Boss
  m_TagString: Boss
  m_Icon: {fileID: 0}
  m_NavMeshLayer: 0
  m_StaticEditorFlags: 0
  m_IsActive: 1
--- !u!4 &2700952309022691093
Transform:
  m_ObjectHideFlags: 0
  m_CorrespondingSourceObject: {fileID: 0}
  m_PrefabInstance: {fileID: 0}
  m_PrefabAsset: {fileID: 0}
  m_GameObject: {fileID: 8149007190116512118}
  m_LocalRotation: {x: 0, y: 0, z: 0, w: 1}
  m_LocalPosition: {x: 0, y: 0, z: 0}
  m_LocalScale: {x: 0.4, y: 0.4, z: 0.4}
  m_Children:
  - {fileID: 4296947512101695436}
  m_Father: {fileID: 0}
  m_RootOrder: 0
  m_LocalEulerAnglesHint: {x: 0, y: 0, z: 0}
--- !u!54 &3607436790124729910
Rigidbody:
  m_ObjectHideFlags: 0
  m_CorrespondingSourceObject: {fileID: 0}
  m_PrefabInstance: {fileID: 0}
  m_PrefabAsset: {fileID: 0}
  m_GameObject: {fileID: 8149007190116512118}
  serializedVersion: 2
  m_Mass: 1
  m_Drag: 0
  m_AngularDrag: 0.05
  m_UseGravity: 1
  m_IsKinematic: 0
  m_Interpolate: 0
  m_Constraints: 80
  m_CollisionDetection: 0
--- !u!136 &8313929581776410557
CapsuleCollider:
  m_ObjectHideFlags: 0
  m_CorrespondingSourceObject: {fileID: 0}
  m_PrefabInstance: {fileID: 0}
  m_PrefabAsset: {fileID: 0}
  m_GameObject: {fileID: 8149007190116512118}
  m_Material: {fileID: 0}
  m_IsTrigger: 1
  m_Enabled: 1
  m_Radius: 1.2915477
  m_Height: 7.4961085
  m_Direction: 1
  m_Center: {x: 0, y: 3.2480524, z: 0.059035122}
--- !u!114 &7386717463349910839
MonoBehaviour:
  m_ObjectHideFlags: 0
  m_CorrespondingSourceObject: {fileID: 0}
  m_PrefabInstance: {fileID: 0}
  m_PrefabAsset: {fileID: 0}
  m_GameObject: {fileID: 8149007190116512118}
  m_Enabled: 1
  m_EditorHideFlags: 0
  m_Script: {fileID: 11500000, guid: 96e8291b32ca488468a38c8faae2a098, type: 3}
  m_Name: 
  m_EditorClassIdentifier: 
  speed: 70
  pfBullet: {fileID: 2912746612912677695, guid: 9ad15e4d4daea9f43be42edca3cab283, type: 3}
--- !u!1001 &886764738071941419
PrefabInstance:
  m_ObjectHideFlags: 0
  serializedVersion: 2
  m_Modification:
    m_TransformParent: {fileID: 2700952309022691093}
    m_Modifications:
    - target: {fileID: 2287454418772495813, guid: f971fffcaa1a7f44fa777252660e5da3, type: 3}
      propertyPath: m_Name
      value: BossModel
      objectReference: {fileID: 0}
    - target: {fileID: 4030643782655360743, guid: f971fffcaa1a7f44fa777252660e5da3, type: 3}
      propertyPath: m_RootOrder
      value: 0
      objectReference: {fileID: 0}
    - target: {fileID: 4030643782655360743, guid: f971fffcaa1a7f44fa777252660e5da3, type: 3}
      propertyPath: m_LocalScale.x
      value: 1
      objectReference: {fileID: 0}
    - target: {fileID: 4030643782655360743, guid: f971fffcaa1a7f44fa777252660e5da3, type: 3}
      propertyPath: m_LocalScale.y
      value: 1
      objectReference: {fileID: 0}
    - target: {fileID: 4030643782655360743, guid: f971fffcaa1a7f44fa777252660e5da3, type: 3}
      propertyPath: m_LocalScale.z
      value: 1
      objectReference: {fileID: 0}
    - target: {fileID: 4030643782655360743, guid: f971fffcaa1a7f44fa777252660e5da3, type: 3}
      propertyPath: m_LocalPosition.x
      value: 0
      objectReference: {fileID: 0}
    - target: {fileID: 4030643782655360743, guid: f971fffcaa1a7f44fa777252660e5da3, type: 3}
      propertyPath: m_LocalPosition.y
      value: 0
      objectReference: {fileID: 0}
    - target: {fileID: 4030643782655360743, guid: f971fffcaa1a7f44fa777252660e5da3, type: 3}
      propertyPath: m_LocalPosition.z
      value: 0
      objectReference: {fileID: 0}
    - target: {fileID: 4030643782655360743, guid: f971fffcaa1a7f44fa777252660e5da3, type: 3}
      propertyPath: m_LocalRotation.w
      value: 1
      objectReference: {fileID: 0}
    - target: {fileID: 4030643782655360743, guid: f971fffcaa1a7f44fa777252660e5da3, type: 3}
      propertyPath: m_LocalRotation.x
      value: 0
      objectReference: {fileID: 0}
    - target: {fileID: 4030643782655360743, guid: f971fffcaa1a7f44fa777252660e5da3, type: 3}
      propertyPath: m_LocalRotation.y
      value: 0
      objectReference: {fileID: 0}
    - target: {fileID: 4030643782655360743, guid: f971fffcaa1a7f44fa777252660e5da3, type: 3}
      propertyPath: m_LocalRotation.z
      value: 0
      objectReference: {fileID: 0}
    - target: {fileID: 4030643782655360743, guid: f971fffcaa1a7f44fa777252660e5da3, type: 3}
      propertyPath: m_LocalEulerAnglesHint.x
      value: 0
      objectReference: {fileID: 0}
    - target: {fileID: 4030643782655360743, guid: f971fffcaa1a7f44fa777252660e5da3, type: 3}
      propertyPath: m_LocalEulerAnglesHint.y
      value: 0
      objectReference: {fileID: 0}
    - target: {fileID: 4030643782655360743, guid: f971fffcaa1a7f44fa777252660e5da3, type: 3}
      propertyPath: m_LocalEulerAnglesHint.z
      value: 0
      objectReference: {fileID: 0}
    - target: {fileID: 4515315450522084762, guid: f971fffcaa1a7f44fa777252660e5da3, type: 3}
      propertyPath: m_LocalRotation.w
      value: 0.50008726
      objectReference: {fileID: 0}
    - target: {fileID: 4515315450522084762, guid: f971fffcaa1a7f44fa777252660e5da3, type: 3}
      propertyPath: m_LocalRotation.x
      value: -0.49991274
      objectReference: {fileID: 0}
    - target: {fileID: 4515315450522084762, guid: f971fffcaa1a7f44fa777252660e5da3, type: 3}
      propertyPath: m_LocalRotation.y
      value: 0.50008726
      objectReference: {fileID: 0}
    - target: {fileID: 4515315450522084762, guid: f971fffcaa1a7f44fa777252660e5da3, type: 3}
      propertyPath: m_LocalRotation.z
      value: 0.49991274
      objectReference: {fileID: 0}
    - target: {fileID: 4515315450522084762, guid: f971fffcaa1a7f44fa777252660e5da3, type: 3}
      propertyPath: m_LocalEulerAnglesHint.x
      value: -89.98
      objectReference: {fileID: 0}
    - target: {fileID: 4515315450522084762, guid: f971fffcaa1a7f44fa777252660e5da3, type: 3}
      propertyPath: m_LocalEulerAnglesHint.y
      value: 90
      objectReference: {fileID: 0}
    m_RemovedComponents: []
  m_SourcePrefab: {fileID: 100100000, guid: f971fffcaa1a7f44fa777252660e5da3, type: 3}
--- !u!4 &4296947512101695436 stripped
Transform:
  m_CorrespondingSourceObject: {fileID: 4030643782655360743, guid: f971fffcaa1a7f44fa777252660e5da3, type: 3}
  m_PrefabInstance: {fileID: 886764738071941419}
  m_PrefabAsset: {fileID: 0}
--- !u!1 &4155736149372775947 stripped
GameObject:
  m_CorrespondingSourceObject: {fileID: 3882753610353999648, guid: f971fffcaa1a7f44fa777252660e5da3, type: 3}
  m_PrefabInstance: {fileID: 886764738071941419}
  m_PrefabAsset: {fileID: 0}
